@misc{BLABLA ,
author = {Max Mustermann},
title = {Cool Search Engine},
howpublished = {Available at \url{https://google.com} (2019/11/29)}
}